<record><leader>00000cas a22000007a 4500</leader><controlfield tag="001">20978776</controlfield><controlfield tag="008">900131d18781878nhuwr ne      0    0eng d</controlfield><datafield ind1=" " ind2=" " tag="010"><subfield code="a">sn 90062221 </subfield></datafield><datafield ind1=" " ind2=" " tag="040"><subfield code="a">NVH</subfield><subfield code="b">eng</subfield><subfield code="c">NVH</subfield><subfield code="d">OCLCQ</subfield></datafield><datafield ind1=" " ind2=" " tag="042"><subfield code="a">msc</subfield></datafield><datafield ind1="0" ind2=" " tag="130"><subfield code="a">Weekly enterprise (Bristol, N.H.)</subfield></datafield><datafield ind1="1" ind2="0" tag="245"><subfield code="a">Weekly enterprise.</subfield></datafield><datafield ind1=" " ind2=" " tag="260"><subfield code="a">Bristol, N.H. :</subfield><subfield code="b">R.W. Musgrove</subfield></datafield><datafield ind1=" " ind2=" " tag="300"><subfield code="a">v.</subfield></datafield><datafield ind1=" " ind2=" " tag="310"><subfield code="a">Weekly</subfield></datafield><datafield ind1="0" ind2=" " tag="362"><subfield code="a">Vol. 1, no. 1 (June 22, 1878)-v. 1, no. 28 (Dec. 28, 1878).</subfield></datafield><datafield ind1=" " ind2=" " tag="752"><subfield code="a">United States</subfield><subfield code="b">New Hampshire</subfield><subfield code="c">Grafton</subfield><subfield code="d">Bristol.</subfield></datafield><datafield ind1="0" ind2="0" tag="785"><subfield code="t">Bristol weekly enterprise</subfield><subfield code="w">(DLC)sn 90062222</subfield></datafield></record>